<?xml version="1.0" encoding="UTF-8"?>
<mx:record xmlns:mx="http://www.loc.gov/MARC21/slim" xmlns:xsi="http://www.w3.org/2001/XMLSchema-instance" id="mrc_844260" xsi:schemaLocation="http://www.loc.gov/standards/marcxml/schema/MARC21slim.xsd"><mx:leader>01832nam a2200024 c 4500</mx:leader><mx:controlfield tag="001">844260</mx:controlfield><mx:controlfield tag="005">20180611</mx:controlfield><mx:controlfield tag="007">ta</mx:controlfield><mx:controlfield tag="008">981202s1620uuuu|||||| | |||||||||||lat||</mx:controlfield><mx:datafield tag="035" ind1=" " ind2=" "><mx:subfield code="a">(OCoLC)14277062</mx:subfield></mx:datafield><mx:datafield tag="035" ind1=" " ind2=" "><mx:subfield code="a">(DE-604)BV001388997</mx:subfield></mx:datafield><mx:datafield tag="035" ind1=" " ind2=" "><mx:subfield code="a">(XX-XxUND)BVBBV001388997</mx:subfield></mx:datafield><mx:datafield tag="035" ind1=" " ind2=" "><mx:subfield code="a">(DE-604)013889974</mx:subfield></mx:datafield><mx:datafield tag="040" ind1=" " ind2=" "><mx:subfield code="e">rakwb</mx:subfield></mx:datafield><mx:datafield tag="041" ind1="0" ind2=" "><mx:subfield code="a">lat</mx:subfield></mx:datafield><mx:datafield tag="050" ind1=" " ind2="0"><mx:subfield code="a">PA8485.C4</mx:subfield></mx:datafield><mx:datafield tag="084" ind1=" " ind2=" "><mx:subfield code="a">6,12</mx:subfield><mx:subfield code="2">ssgn</mx:subfield></mx:datafield><mx:datafield tag="100" ind1="1" ind2=" "><mx:subfield code="a">Caussin, Nicolas</mx:subfield><mx:subfield code="d">1583-1651</mx:subfield><mx:subfield code="0">(DE-588)118668846</mx:subfield></mx:datafield><mx:datafield tag="109" ind1="1" ind2=" "><mx:subfield code="a">Caussinus, Nic.</mx:subfield><mx:subfield code="0">(DE-588)118668846</mx:subfield></mx:datafield><mx:datafield tag="109" ind1="1" ind2=" "><mx:subfield code="a">Caussino, Niccolo</mx:subfield><mx:subfield code="0">(DE-588)118668846</mx:subfield></mx:datafield><mx:datafield tag="109" ind1="1" ind2=" "><mx:subfield code="a">Caussin, Nicholas</mx:subfield><mx:subfield code="0">(DE-588)118668846</mx:subfield></mx:datafield><mx:datafield tag="109" ind1="1" ind2=" "><mx:subfield code="a">Caussinus, Nicolaus</mx:subfield><mx:subfield code="0">(DE-588)118668846</mx:subfield></mx:datafield><mx:datafield tag="109" ind1="1" ind2=" "><mx:subfield code="a">Causin, Nicolas</mx:subfield><mx:subfield code="0">(DE-588)118668846</mx:subfield></mx:datafield><mx:datafield tag="109" ind1="1" ind2=" "><mx:subfield code="a">Causinus, Nicolaus</mx:subfield><mx:subfield code="0">(DE-588)118668846</mx:subfield></mx:datafield><mx:datafield tag="109" ind1="1" ind2=" "><mx:subfield code="a">Causino, Nicolo</mx:subfield><mx:subfield code="0">(DE-588)118668846</mx:subfield></mx:datafield><mx:datafield tag="109" ind1="1" ind2=" "><mx:subfield code="a">Caussino, Nicolao</mx:subfield><mx:subfield code="0">(DE-588)118668846</mx:subfield></mx:datafield><mx:datafield tag="245" ind1="0" ind2="0"><mx:subfield code="a">Tragoediae Sacrae</mx:subfield><mx:subfield code="c">authore Nicolao Caussino ...</mx:subfield></mx:datafield><mx:datafield tag="264" ind1=" " ind2="1"><mx:subfield code="a">Paris</mx:subfield><mx:subfield code="b">Cramoisy</mx:subfield><mx:subfield code="c">1620</mx:subfield></mx:datafield><mx:datafield tag="264" ind1=" " ind2="3"><mx:subfield code="b">Ex off. Nivelliana</mx:subfield></mx:datafield><mx:datafield tag="300" ind1=" " ind2=" "><mx:subfield code="a">getr. Zählung</mx:subfield></mx:datafield><mx:datafield tag="336" ind1=" " ind2=" "><mx:subfield code="a">Text</mx:subfield><mx:subfield code="b">txt</mx:subfield><mx:subfield code="2">rdacontent</mx:subfield></mx:datafield><mx:datafield tag="337" ind1=" " ind2=" "><mx:subfield code="a">ohne Hilfsmittel zu benutzen</mx:subfield><mx:subfield code="b">n</mx:subfield><mx:subfield code="2">rdamedia</mx:subfield></mx:datafield><mx:datafield tag="338" ind1=" " ind2=" "><mx:subfield code="a">Band</mx:subfield><mx:subfield code="b">nc</mx:subfield><mx:subfield code="2">rdacarrier</mx:subfield></mx:datafield><mx:datafield tag="500" ind1=" " ind2=" "><mx:subfield code="a">Enth.: Solymoa. Nabuchodonosor. Felicitas. Theodoricus. Hermenigildus</mx:subfield></mx:datafield><mx:datafield tag="776" ind1="1" ind2="8"><mx:subfield code="i">Elektronische Reproduktion</mx:subfield><mx:subfield code="d">München : Bayerische Staatsbibliothek, 2010</mx:subfield><mx:subfield code="o">urn:nbn:de:bvb:12-bsb10608837-2</mx:subfield></mx:datafield><mx:datafield tag="856" ind1="4" ind2="1"><mx:subfield code="u">http://mdz-nbn-resolving.de/urn:nbn:de:bvb:12-bsb10608837-2</mx:subfield><mx:subfield code="x">Resolving-System</mx:subfield><mx:subfield code="z">kostenfrei</mx:subfield><mx:subfield code="3">Volltext // Exemplar mit der Signatur: München, Bayerische Staatsbibliothek -- P.o.lat. 314</mx:subfield></mx:datafield><mx:datafield tag="912" ind1=" " ind2=" "><mx:subfield code="a">digit</mx:subfield></mx:datafield><mx:datafield tag="980" ind1="5" ind2=" "><mx:subfield code="a">(OCoLC)260184131</mx:subfield></mx:datafield><mx:datafield tag="982" ind1=" " ind2=" "><mx:subfield code="a">P.o.lat. 314</mx:subfield><mx:subfield code="q">bi bk</mx:subfield><mx:subfield code="s">bsb10608837</mx:subfield></mx:datafield><mx:datafield tag="982" ind1=" " ind2=" "><mx:subfield code="a">P.o.lat. 315=Verlust</mx:subfield><mx:subfield code="q">bk</mx:subfield></mx:datafield><mx:datafield tag="983" ind1=" " ind2=" "><mx:subfield code="b">0</mx:subfield><mx:subfield code="j">P.o.lat. 314</mx:subfield><mx:subfield code="p">36616670090017</mx:subfield><mx:subfield code="t">33</mx:subfield><mx:subfield code="u">3</mx:subfield></mx:datafield><mx:datafield tag="983" ind1=" " ind2=" "><mx:subfield code="b">0</mx:subfield><mx:subfield code="d">X</mx:subfield><mx:subfield code="j">P.o.lat. 315</mx:subfield><mx:subfield code="n">Verlust</mx:subfield><mx:subfield code="p">36013481830024</mx:subfield><mx:subfield code="t">99</mx:subfield><mx:subfield code="u">3</mx:subfield></mx:datafield></mx:record>